<?xml version="1.0" encoding="UTF-8"?><collection xmlns="http://www.loc.gov/MARC21/slim"><record><leader>00406nam--2200157-i-4500</leader><controlfield tag="001">000004227</controlfield><controlfield tag="002">20161230</controlfield><controlfield tag="005">20170219234453</controlfield><controlfield tag="008">060222s1000------------r-----000-0-eng-d</controlfield><datafield ind1=" " ind2=" " tag="100"><subfield code="a">Das, T. P</subfield></datafield><datafield ind1=" " ind2=" " tag="245"><subfield code="a">Nuclear quadrupole resonance spectroscopy</subfield></datafield><datafield ind1=" " ind2=" " tag="260"><subfield code="a">New York</subfield><subfield code="b">Academic Press</subfield><subfield code="c">1958</subfield></datafield><datafield ind1=" " ind2=" " tag="300"><subfield code="a">IX+223 p</subfield></datafield><datafield ind1=" " ind2=" " tag="490"><subfield code="a">Solis State Physics</subfield></datafield><datafield ind1=" " ind2=" " tag="700"><subfield code="a">Hahn, E. L</subfield></datafield><datafield ind1=" " ind2=" " tag="CAT"><subfield code="a">SYS</subfield><subfield code="c">20170219</subfield><subfield code="h">234453</subfield></datafield></record></collection>